@book{Garcia-Mendivil01,
 abstract = {},
 author = {García-Mendívil, H.A},
 copyright = {All rights reserved},
 isbn = {978-1-311-04245-3},
 language = {English},
 month = {November},
 publisher = {Universitat Politècnica de Catalunya},
 shorttitle = {Durability of resistance to Meloidogyne mediated by R-genes in solanaceous and cucurbitaceous crops},
 title = {Durability of resistance to Meloidogyne mediated by R-genes in solanaceous and cucurbitaceous crops},
 year = {2019}
}

