@article{EarlyProj2013,
 abstract = {MÃºsica creada en FLStudio.},
 author = {Helio},
 copyright = {},
 journal = {SondCloud},
 keywords = {Psytrance,
 language = {en},
 month = {June},
 title = {Early projects (2013)},
 url = {https://soundcloud.com/helio4gm},
 urldate = {2021-29-01},
 year = {2013}
}

